<record xmlns="http://www.loc.gov/MARC21/slim" xmlns:xsi="http://www.w3.org/2001/XMLSchema-instance" xsi:schemaLocation="http://www.loc.gov/MARC21/slim http://www.loc.gov/standards/marcxml/schema/MARC21slim.xsd"><leader>01060nam a2200241   4500</leader><controlfield tag="001">002823546</controlfield><controlfield tag="003">NNU</controlfield><controlfield tag="006">m        d        </controlfield><controlfield tag="007">cr cn |||m|||a</controlfield><controlfield tag="008">140707s1961    sy a    o     000 0 ararc</controlfield><datafield ind1=" " ind2=" " tag="040"><subfield code="a">NNU</subfield><subfield code="b">eng</subfield><subfield code="c">NNU</subfield></datafield><datafield ind1="1" ind2=" " tag="100"><subfield code="a">Ab&#363; Shanab, &#699;&#256;dil.</subfield></datafield><datafield ind1="1" ind2="0" tag="245"><subfield code="a">Zahrah istiw&#257;&#700;&#299;yah f&#299; al-qu&#7789;b</subfield><subfield code="h">[electronic resource]</subfield><subfield code="c">[ta&#700;l&#299;f] &#699;&#256;dil Ab&#363; Shanab.</subfield></datafield><datafield ind1=" " ind2=" " tag="250"><subfield code="a">[al-&#7788;ab&#699;ah al-ul&#225;].</subfield></datafield><datafield ind1=" " ind2=" " tag="260"><subfield code="a">[Dimashq,</subfield><subfield code="b">Mansh&#363;r&#257;t al-Fann al-&#7716;ad&#299;th al-&#699;&#256;lam&#299;,</subfield><subfield code="c">1961]</subfield></datafield><datafield ind1=" " ind2=" " tag="300"><subfield code="a">online resource (116 p.) :</subfield><subfield code="b">illus.</subfield></datafield><datafield ind1=" " ind2=" " tag="500"><subfield code="a">Part of the Arabic Collections Online (ACO) project, contributed by New York Univeristy Libraries.</subfield></datafield><datafield ind1=" " ind2=" " tag="533"><subfield code="a">Electronic reproduction.</subfield><subfield code="b">New York, N.Y. :</subfield><subfield code="c">New York University,</subfield><subfield code="d">2014.</subfield><subfield code="5">NNU</subfield></datafield><datafield ind1="2" ind2=" " tag="710"><subfield code="a">New York University.</subfield><subfield code="b">Libraries.</subfield></datafield><datafield ind1="0" ind2=" " tag="730"><subfield code="a">Arabic Collections Online.</subfield></datafield><datafield ind1="0" ind2="8" tag="776"><subfield code="i">Print version:</subfield><subfield code="a">Ab&#363; Shanab, &#699;&#256;dil.</subfield><subfield code="t">Zahrah istiw&#257;&#700;&#299;yah f&#299; al-qu&#7789;b</subfield><subfield code="w">(NNU)002823546</subfield><subfield code="w">(DLC)ne 65000510</subfield></datafield><datafield ind1="4" ind2="0" tag="856"><subfield code="u">http://hdl.handle.net/2333.1/qjq2bxkp</subfield></datafield><datafield ind1=" " ind2=" " tag="959"><subfield code="a">NNU</subfield><subfield code="b">WEB</subfield><subfield code="c">GENI</subfield><subfield code="t">0</subfield><subfield code="m">Electronic access</subfield><subfield code="s">01</subfield></datafield></record>